<record><leader>00000cas a22000007a 4500</leader><controlfield tag="001">21557193</controlfield><controlfield tag="008">900518d19861993nmuwr ne     f0    0eng d</controlfield><datafield ind1=" " ind2=" " tag="010"><subfield code="a">sn 95070576 </subfield></datafield><datafield ind1=" " ind2=" " tag="040"><subfield code="a">WIH</subfield><subfield code="b">eng</subfield><subfield code="c">WIH</subfield><subfield code="d">NVM</subfield><subfield code="d">OCLCQ</subfield><subfield code="d">DLC</subfield><subfield code="d">OCLCF</subfield></datafield><datafield ind1="1" ind2=" " tag="029"><subfield code="a">AU@</subfield><subfield code="b">000025896253</subfield></datafield><datafield ind1=" " ind2=" " tag="042"><subfield code="a">msc</subfield></datafield><datafield ind1=" " ind2=" " tag="043"><subfield code="a">n-us-nm</subfield></datafield><datafield ind1="0" ind2="0" tag="245"><subfield code="a">Holloman sunburst.</subfield></datafield><datafield ind1=" " ind2=" " tag="260"><subfield code="a">Holloman AFB, N.M. :</subfield><subfield code="b">Holloman Public Affairs Office</subfield></datafield><datafield ind1=" " ind2=" " tag="300"><subfield code="a">v.</subfield></datafield><datafield ind1=" " ind2=" " tag="310"><subfield code="a">Weekly</subfield></datafield><datafield ind1="0" ind2=" " tag="362"><subfield code="a">Vol. 27, no. 65 (Oct. 3, 1986)-v. 35, no. 50 (Dec. 17, 1993).</subfield></datafield><datafield ind1=" " ind2=" " tag="500"><subfield code="a">Published for the personnel at Holloman Air Force Base, N.M., of the Tactical Air Command.</subfield></datafield><datafield ind1=" " ind2=" " tag="500"><subfield code="a">Printer varies, 1968-&lt;1992&gt;, Alamogordo Daily news; &lt;1993-&gt;: Ruidoso News.</subfield></datafield><datafield ind1=" " ind2=" " tag="530"><subfield code="a">Available on microfilm from the State Historical Society of Wisconsin.</subfield></datafield><datafield ind1=" " ind2="0" tag="650"><subfield code="a">Air bases</subfield><subfield code="z">New Mexico</subfield><subfield code="v">Newspapers.</subfield></datafield><datafield ind1=" " ind2="0" tag="651"><subfield code="a">Otero County (N.M.)</subfield><subfield code="v">Newspapers.</subfield></datafield><datafield ind1=" " ind2="0" tag="651"><subfield code="a">Holloman Air Force Base (N.M.)</subfield><subfield code="v">Newspapers.</subfield></datafield><datafield ind1=" " ind2="7" tag="655"><subfield code="a">Newspapers.</subfield><subfield code="2">fast</subfield><subfield code="0">(OCoLC)fst01423814</subfield></datafield><datafield ind1=" " ind2="7" tag="650"><subfield code="a">Air bases.</subfield><subfield code="2">fast</subfield><subfield code="0">(OCoLC)fst00802224</subfield></datafield><datafield ind1=" " ind2="7" tag="651"><subfield code="a">New Mexico.</subfield><subfield code="2">fast</subfield><subfield code="0">(OCoLC)fst01204269</subfield></datafield><datafield ind1=" " ind2="7" tag="651"><subfield code="a">New Mexico</subfield><subfield code="z">Holloman Air Force Base.</subfield><subfield code="2">fast</subfield><subfield code="0">(OCoLC)fst01234258</subfield></datafield><datafield ind1=" " ind2="7" tag="651"><subfield code="a">New Mexico</subfield><subfield code="z">Otero County.</subfield><subfield code="2">fast</subfield><subfield code="0">(OCoLC)fst01214859</subfield></datafield><datafield ind1="1" ind2=" " tag="710"><subfield code="a">United States.</subfield><subfield code="b">Air Force.</subfield><subfield code="b">Tactical Air Command.</subfield></datafield><datafield ind1=" " ind2=" " tag="752"><subfield code="a">United States</subfield><subfield code="b">New Mexico</subfield><subfield code="c">Otero</subfield><subfield code="d">Alamgordo.</subfield></datafield><datafield ind1="0" ind2="0" tag="780"><subfield code="t">Sunburst (Alamogordo, N.M.)</subfield><subfield code="w">(DLC)sn2007059006</subfield><subfield code="w">(OCoLC)9572917</subfield></datafield><datafield ind1="0" ind2="0" tag="785"><subfield code="t">Sunburst (Holloman Air Force Base (N.M.))</subfield><subfield code="w">(DLC)95070588</subfield></datafield></record>